<?xml version="1.0" encoding="UTF-8"?><collection xmlns="http://www.loc.gov/MARC21/slim"><record><leader>00413nam--2200157-i-4500</leader><controlfield tag="001">000040363</controlfield><controlfield tag="002">20161230</controlfield><controlfield tag="005">20170122224732</controlfield><controlfield tag="008">060222s1000------------r-----000-0-eng-d</controlfield><datafield ind1=" " ind2=" " tag="080"><subfield code="a">621.83(001.1+001.3+0014)</subfield></datafield><datafield ind1=" " ind2=" " tag="100"><subfield code="a">Sauer, Leopold</subfield></datafield><datafield ind1=" " ind2=" " tag="245"><subfield code="a">Angrenaje. Proiectare. Materiale</subfield></datafield><datafield ind1=" " ind2=" " tag="260"><subfield code="a">Bucuresti</subfield><subfield code="b">Ed.Tehnica</subfield><subfield code="c">1970</subfield></datafield><datafield ind1=" " ind2=" " tag="300"><subfield code="a">684 p. + 1 Pl. + Erata</subfield></datafield><datafield ind1=" " ind2=" " tag="852"><subfield code="a">33804</subfield></datafield><datafield ind1=" " ind2=" " tag="CAT"><subfield code="a">SYS</subfield><subfield code="c">20170122</subfield><subfield code="h">224732</subfield></datafield></record></collection>